@manual{userman,
  title  = {Frama-C User Manual},
  author = {Loïc Correnson and Pascal Cuoq and Florent Kirchner and
            André Maroneze and Virgile Prevosto and
            Armand Puccetti and Julien Signoles and
            Boris Yakobowski},
  note   = {\url{http://frama-c.cea.fr/download/user-manual.pdf}}
}

@manual{acslpp,
  title  = {ACSL++: ANSI/ISO C++ Specification Language},
  author = {David R. Cok}
}
%% TODO - add a url to the above

@manual{plugin-dev-guide,
  author = {Julien Signoles and Loïc Correnson and Matthieu Lemerre and 
            Virgile Prevosto},
  title  = {{Frama-C Plug-in Development Guide}},
  note   = {\newline \url{http://frama-c.cea.fr/download/plugin-developer.pdf}},
}

@manual{eva,
  author = {David B\"uhler and Pascal Cuoq and Boris Yakobowski and
            Matthieu Lemerre and André Maroneze and Valentin Perelle and
            Virgile Prevosto},
  title  = {{EVA} -- The Evolved Value Analysis plug-in},
  note   = {\mbox{\url{http://frama-c.cea.fr/download/value-analysis.pdf}}},
}

@manual{acsl,
  author = {Baudin, Patrick and Filli\^{a}tre, Jean-Christophe and 
            March\'{e}, Claude and Monate, Benjamin and Moy, Yannick and
            Prevosto, Virgile},
  title = {{ACSL: ANSI/ISO C Specification Language.}},
}

@manual{acsl-implem,
  author = {Baudin, Patrick and Pascal Cuoq and Filli\^{a}tre, Jean-Christophe 
            and March\'{e}, Claude and Monate, Benjamin and Moy, Yannick and
            Prevosto, Virgile},
  title = {ACSL: ANSI/ISO C Specification Language. --- 
           Frama-C Silicon implementation.},
}

@manual{eacsl,
  author = {Julien Signoles},
  title  = {E-ACSL: Executable ANSI/ISO C Specification Language.},
  note   = {\mbox{\url{http://frama-c.com/download/e-acsl/e-acsl.pdf}}}
}

@manual{eacsl-implem,
  author = {Julien Signoles},
  title  = {E-ACSL. Implementation in Frama-C Plug-in E-ACSL},
  note   = {\mbox{\url{http://frama-c.com/download/e-acsl/e-acsl-implementation.pdf}}}
}

@inproceedings{sac13,
  author = {Micka\"{e}l Delahaye and Nikolai Kosmatov and Julien Signoles},
  title  = {Common Specification Language for Static and Dynamic Analysis of 
           {C} Programs},
  booktitle = {the 28th Annual ACM Symposium on Applied Computing ({SAC})},
  publisher = {ACM},
  year  = 2013,
  month = mar,
  pages = {1230--1235},
}


@inproceedings{rv13tutorial,
  author = {Nikolaï Kosmatov and Julien Signoles},
  title  = {A Lesson on Runtime Assertion Checking with {Frama-C}},
  booktitle = {International Conference on Runtime Verification ({RV 2013})},
  publisher = {Springer},
  series= {LNCS},
  volume= {8174},
  pages= {386--399},
  year  = 2013,
  month = sep,
}

@manual{wp,
  author = {Patrick Baudin and François Bobot and Loïc Correnson
            and Zaynah Dargaye},
  title  = {{Frama-C}'s {WP} plug-in},
  note   = {\mbox{\url{http://frama-c.com/download/frama-c-wp-manual.pdf}}},
}

@manual{rte,
  author = {Philippe Herrmann and Julien Signoles},
  title  = {Annotation Generation: {Frama-C}'s {RTE} plug-in},
  note   = {\mbox{\url{http://frama-c.com/download/frama-c-rte-manual.pdf}}},
}

@article{fac15,
year={2015},
month={jan},
journal={Formal Aspects of Computing},
title={{Frama-C: A Software Analysis Perspective}},
publisher={Springer},
keywords={Formal verification; Static analysis; Dynamic analysis; C},
author={Kirchner, Florent and Kosmatov, Nikolai and Prevosto, Virgile and 
Signoles, Julien and Yakobowski, Boris},
pages={1-37},
}

@article{runtime-assertion-checking,
  author    = {Lori A. Clarke and
               David S. Rosenblum},
  title     = {A historical perspective on runtime assertion checking in
               software development},
  journal   = {ACM SIGSOFT Software Engineering Notes},
  volume    = {31},
  number    = {3},
  year      = {2006},
  pages     = {25-37},
}

@inproceedings{rv13,
  author = {Nikolaï Kosmatov and Guillaume Petiot and Julien Signoles},
  title = {An Optimized Memory Monitoring for Runtime Assertion Checking of 
             {C} Programs},
  booktitle = {International Conference on
              Runtime Verification ({RV 2013})},
  publisher = {Springer},
  series = {LNCS},
  volume = {8174},
  pages = {167--182},
  year = 2013,
  month = sep,
}

@inproceedings{jfla15,
  title = {{Rester statique pour devenir plus rapide, plus pr{\'e}cis et plus mince}},
  author = {Arvid Jakobsson and Nikolai Kosmatov and Julien Signoles},
  booktitle = {Journées Francophones des Langages Applicatifs (JFLA'15)},
  editor = {David Baelde and Jade Alglave},
  year = {2015},
  month = jan,
  note = {In French},
}

@article{scp16,
  title = {{Fast as a Shadow, Expressive as a Tree: Optimized Memory Monitoring 
for C}},
  author = {Arvid Jakobsson and Nikolai Kosmatov and Julien Signoles},
  journal = {Science of Computer Programming},
  publisher = {Elsevier},
  pages = {226-246},
  language = {English},
  year = {2016},
  month = oct,
}

@article{pldi16,
  title = {{Shadow State Encoding for Efficient Monitoring of Block-level 
Properties}},
  author = {Kostyantyn Vorobyov and Julien Signoles and Nikolai Kosmatov},
  note  = {Submitted for publication},
}
